<?xml version="1.0" encoding="UTF-8"?><collection xmlns="http://www.loc.gov/MARC21/slim"><record><leader>00450nam--2200133-i-4500</leader><controlfield tag="001">000047551</controlfield><controlfield tag="002">20161230</controlfield><controlfield tag="005">20161230201046</controlfield><controlfield tag="008">060222s1000------------r-----000-0-eng-d</controlfield><datafield ind1=" " ind2=" " tag="100"><subfield code="a">Woods, J. And Wright, D.A</subfield></datafield><datafield ind1=" " ind2=" " tag="245"><subfield code="a">Electron traps in photoconducting cadmium sulphide cristals</subfield></datafield><datafield ind1=" " ind2=" " tag="260"><subfield code="a">Wembley, Tthe General Electric Co.Ltd., 1958, 8p</subfield></datafield><datafield ind1=" " ind2=" " tag="490"><subfield code="a">Solid State Physics In Electronics And Telecommunications, Communication No.791</subfield></datafield><datafield ind1=" " ind2=" " tag="852"><subfield code="a">15510</subfield></datafield></record></collection>